<?xml version="1.0" encoding="utf-8"?>
<record xmlns="http://www.loc.gov/MARC21/slim" xmlns:xsi="http://www.w3.org/2001/XMLSchema-instance" xsi:schemaLocation="http://www.loc.gov/MARC21/slim http://www.loc.gov/standards/marcxml/schema/MARC21slim.xsd">
	<leader>     nam a22        4500</leader>
	<controlfield tag="001">2749404</controlfield>
	<controlfield tag="003">NNC</controlfield>
	<controlfield tag="006">m        d        </controlfield>
	<controlfield tag="007">cr cn |||m|||a</controlfield>
	<controlfield tag="008">171211m19491963ua      o     000 0carar </controlfield>
	<datafield ind1=" " ind2=" " tag="040">
		<subfield code="a">NNU</subfield>
		<subfield code="b">eng</subfield>
		<subfield code="e">rda</subfield>
		<subfield code="c">NNU</subfield>
	</datafield>
	<datafield ind1=" " ind2=" " tag="066">
		<subfield code="c">(3</subfield>
	</datafield>
	<datafield ind1=" " ind2=" " tag="043">
		<subfield code="a">a------</subfield>
	</datafield>
	<datafield ind1=" " ind2="4" tag="050">
		<subfield code="a">DS32</subfield>
		<subfield code="b">.M8 1949</subfield>
	</datafield>
	<datafield ind1="1" ind2=" " tag="100">
		<subfield code="6">880-01</subfield>
		<subfield code="a">Mujāhid, Zakī Muḥammad.</subfield>
	</datafield>
	<datafield ind1="1" ind2="3" tag="245">
		<subfield code="6">880-02</subfield>
		<subfield code="a">al-Aʻlām al-Sharqīyah :</subfield>
		<subfield code="b">fī al-māʼah al-rābiʻah ʻasharah al-Hijriyyah, min sanat 1301 ilá sanat 1365/sanat 1883 ilá sanat 1946 /</subfield>
		<subfield code="c">taʼlīf Zakī Muḥammad Mujāhid.</subfield>
	</datafield>
	<datafield ind1="1" ind2=" " tag="246">
		<subfield code="i">Vol. 1 has added t.p.:</subfield>
		<subfield code="a">Biocraphies [sic] of famous men of the Orient in the XIVthe [c]entury hijri</subfield>
	</datafield>
	<datafield ind1=" " ind2=" " tag="250">
		<subfield code="6">880-03</subfield>
		<subfield code="a">al-Ṭabʻah 1.</subfield>
	</datafield>
	<datafield ind1=" " ind2=" " tag="260">
		<subfield code="6">880-04</subfield>
		<subfield code="a">al-Qāhirah :</subfield>
		<subfield code="b">[Maktabat Mujāhid],</subfield>
		<subfield code="c">1949-63.</subfield>
	</datafield>
	<datafield ind1=" " ind2=" " tag="300">
		<subfield code="a">online resource (4 volumes)</subfield>
	</datafield>
	<datafield ind1=" " ind2=" " tag="336">
		<subfield code="a">text</subfield>
		<subfield code="2">rdacontent</subfield>
	</datafield>
	<datafield ind1=" " ind2=" " tag="337">
		<subfield code="a">computer</subfield>
		<subfield code="2">rdamedia</subfield>
	</datafield>
	<datafield ind1=" " ind2=" " tag="338">
		<subfield code="a">online resource</subfield>
		<subfield code="2">rdacarrier</subfield>
	</datafield>
	<datafield ind1=" " ind2=" " tag="500">
		<subfield code="a">Part of the Arabic Collections Online (ACO) project, contributed by Columbia University Libraries.</subfield>
	</datafield>
	<datafield ind1="0" ind2=" " tag="505">
		<subfield code="6">880-05</subfield>
		<subfield code="a">al-Juzʼ al-awwal: al-Mulūk wa-al-umarāʼ. al-Wuzarā wa-al-sufarā. Zumʻamāʼ al-ḥarakah al-qawmiyyah. --al-Juzʼ al-thānī: Aʻlam al-jaysh wa-al-baḥriyyah. ʻUlamāʼ al-Islam. --al-Juzʼ al-thālith: al-Quḍāh wa-al-muḥāmūn. Ṭabaqāt al-sūfiyyah. Mashāhīr al-niḥal qhayʻ Islāmiyyah. --al-Juzʼ al-rābiʻ: Udabāʼ. al-Muʼarrikhūn wa-al-raḥḥālah.</subfield>
	</datafield>
	<datafield ind1=" " ind2=" " tag="533">
		<subfield code="a">Electronic reproduction.</subfield>
		<subfield code="b">New York, N.Y. :</subfield>
		<subfield code="c">New York University,</subfield>
		<subfield code="d">2017.</subfield>
		<subfield code="5">NNU</subfield>
	</datafield>
	<datafield ind1=" " ind2="0" tag="651">
		<subfield code="a">Asia</subfield>
		<subfield code="v">Biography.</subfield>
	</datafield>
	<datafield ind1=" " ind2="7" tag="651">
		<subfield code="a">Asia.</subfield>
		<subfield code="2">fast</subfield>
		<subfield code="0">(OCoLC)fst01240495</subfield>
	</datafield>
	<datafield ind1=" " ind2="7" tag="655">
		<subfield code="a">Biography.</subfield>
		<subfield code="2">fast</subfield>
		<subfield code="0">(OCoLC)fst01423686</subfield>
	</datafield>
	<datafield ind1="2" ind2=" " tag="710">
		<subfield code="a">Columbia University.</subfield>
		<subfield code="b">Libraries.</subfield>
	</datafield>
	<datafield ind1="0" ind2=" " tag="730">
		<subfield code="a">Arabic Collections Online.</subfield>
	</datafield>
	<datafield ind1="0" ind2="8" tag="776">
		<subfield code="i">Online version:</subfield>
		<subfield code="a">Mujāhid, Zakī Muḥammad.</subfield>
		<subfield code="t">Aʻlām al-Sharqīyah.</subfield>
		<subfield code="b">al-Ṭabʻah 1.</subfield>
		<subfield code="d">al-Qāhirah : [Maktabat Mujāhid], 1949-63</subfield>
		<subfield code="w">(OCoLC)891486334</subfield>
	</datafield>
	<datafield ind1="0" ind2="8" tag="776">
		<subfield code="i">Print version:</subfield>
		<subfield code="a">Mujāhid, Zakī Muḥammad.</subfield>
		<subfield code="t">al-Aʻlām al-Sharqīyah</subfield>
		<subfield code="w">(NNC)2749404</subfield>
		<subfield code="w">(DLC)ne 62000119 </subfield>
		<subfield code="w">(OCoLC)6853084</subfield>
	</datafield>
	<datafield ind1="4" ind2="0" tag="856">
		<subfield code="u">http://hdl.handle.net/2333.1/qnk98zwg</subfield>
	</datafield>
	<datafield ind1="1" ind2=" " tag="880">
		<subfield code="6">100-01/(3/r</subfield>
		<subfield code="a">مجاهد، زكي محمد.</subfield>
	</datafield>
	<datafield ind1="1" ind2="2" tag="880">
		<subfield code="6">245-02/(3/r</subfield>
		<subfield code="a">الأعلام الشرقية :</subfield>
		<subfield code="b">في المائة الرابعة عشرة الهجرية، من سنة 1301 إلى سنة 1365/سنة 1883 إلى سنة 1946 /</subfield>
		<subfield code="c">تأليف زكي محمد مجاهد.</subfield>
	</datafield>
	<datafield ind1=" " ind2=" " tag="880">
		<subfield code="6">250-03/(3/r</subfield>
		<subfield code="a">الطبعة 1.</subfield>
	</datafield>
	<datafield ind1=" " ind2=" " tag="880">
		<subfield code="6">260-04/(3/r</subfield>
		<subfield code="a">القاهرة :</subfield>
		<subfield code="b">[مكتبة مجاهد]،</subfield>
		<subfield code="c">1949-63.</subfield>
	</datafield>
	<datafield ind1="0" ind2=" " tag="880">
		<subfield code="6">505-05/(3/r</subfield>
		<subfield code="a">الجزء الاول: الملوك والامراء. الوزرا والسفرا. زمعماء الحركة القومية. الجزء الثاني: اعلم الجيش والبحرية. علماء الاسلم. الجزء الثاله: القضاه والمحامون. طبقات السوفية. مشاهير النحل قهيع اسلامية. الجزء الرابع: ادباء. المؤرخون والرحالة.</subfield>
	</datafield>
	<datafield ind1=" " ind2=" " tag="959">
		<subfield code="a">NNU</subfield>
		<subfield code="b">WEB</subfield>
		<subfield code="c">GENI</subfield>
		<subfield code="t">0</subfield>
		<subfield code="m">Electronic access</subfield>
		<subfield code="s">01</subfield>
	</datafield>
	<datafield ind1=" " ind2=" " tag="999">
		<subfield code="i">NNC_2749404</subfield>
		<subfield code="o">(OCoLC)ocm06853084</subfield>
		<subfield code="s">columbia_aco003062:v.1</subfield>
		<subfield code="s">columbia_aco003063:v.2</subfield>
		<subfield code="s">columbia_aco003064:v.3</subfield>
		<subfield code="e">(ERROR-880)</subfield>
	</datafield>
</record>
